<?xml version="1.0" encoding="UTF-8"?><record xmlns="http://www.loc.gov/MARC21/slim" xmlns:cinclude="http://apache.org/cocoon/include/1.0" xmlns:zs="http://www.loc.gov/zing/srw/">
  <leader>00362cz  a2200133n  4500</leader>
  <controlfield tag="001">n  79094983 </controlfield>
  <controlfield tag="003">DLC</controlfield>
  <controlfield tag="005">20090226080726.0</controlfield>
  <controlfield tag="008">790823n| acannaabn          |n aaa      </controlfield>
  <datafield tag="010" ind1=" " ind2=" ">
    <subfield code="a">n  79094983 </subfield>
  </datafield>
  <datafield tag="035" ind1=" " ind2=" ">
    <subfield code="a">(OCoLC)oca00327222</subfield>
  </datafield>
  <datafield tag="040" ind1=" " ind2=" ">
    <subfield code="a">DLC</subfield>
    <subfield code="b">eng</subfield>
    <subfield code="c">DLC</subfield>
    <subfield code="d">OCoLC</subfield>
  </datafield>
  <datafield tag="100" ind1="1" ind2=" ">
    <subfield code="a">Pedroso, Marilda</subfield>
  </datafield>
  <datafield tag="670" ind1=" " ind2=" ">
    <subfield code="a">CamoĚes, L. de. CamoĚes, 1977 (a.e.)</subfield>
    <subfield code="b">t.p. (Marilda Pedroso)</subfield>
  </datafield>
</record>